@misc{mclean_2017,
  title={How Wells Fargo's Cutthroat Corporate Culture Allegedly Drove Bankers to Fraud},
  url={https://www.vanityfair.com/news/2017/05/wells-fargo-corporate-culture-fraud},
  urldate={2019-01-31},
  journal={The Hive},
  publisher={Vanity Fair},
  author={McLean, Bethany},
  year={2017},
  month={06}
}
